<record><leader>00000cas a22000007a 4500</leader><controlfield tag="001">21141277</controlfield><controlfield tag="008">900301d19011904mouwr ne      0    0eng d</controlfield><datafield ind1=" " ind2=" " tag="010"><subfield code="a">sn 90061302 </subfield></datafield><datafield ind1=" " ind2=" " tag="040"><subfield code="a">MQN</subfield><subfield code="b">eng</subfield><subfield code="c">MQN</subfield><subfield code="d">OCLCQ</subfield></datafield><datafield ind1=" " ind2=" " tag="042"><subfield code="a">msc</subfield></datafield><datafield ind1="0" ind2=" " tag="130"><subfield code="a">Postman (Mountain View, Mo.)</subfield></datafield><datafield ind1="1" ind2="4" tag="245"><subfield code="a">The postman.</subfield></datafield><datafield ind1=" " ind2=" " tag="260"><subfield code="a">Mountain View, Howell Co., Mo. :</subfield><subfield code="b">Bryan &amp; Daughters</subfield></datafield><datafield ind1=" " ind2=" " tag="300"><subfield code="a">v.</subfield></datafield><datafield ind1=" " ind2=" " tag="310"><subfield code="a">Weekly</subfield></datafield><datafield ind1="1" ind2=" " tag="362"><subfield code="a">Began in 1901? Ceased in 1904?</subfield></datafield><datafield ind1=" " ind2=" " tag="588"><subfield code="a">Description based on: Vol. 2, no. 31 (July 3, 1903).</subfield></datafield><datafield ind1=" " ind2=" " tag="752"><subfield code="a">United States</subfield><subfield code="b">Missouri</subfield><subfield code="c">Howell</subfield><subfield code="d">Mountain View.</subfield></datafield></record>